<record><leader>00000cas a22000007a 4500</leader><controlfield tag="001">9701494</controlfield><controlfield tag="008">830714d19181986aluwr ne      0   a0eng d</controlfield><controlfield tag="009">467</controlfield><datafield ind1=" " ind2=" " tag="010"><subfield code="a">sn 83008141 </subfield></datafield><datafield ind1=" " ind2=" " tag="040"><subfield code="a">NSD</subfield><subfield code="b">eng</subfield><subfield code="c">NSD</subfield><subfield code="d">CPN</subfield><subfield code="d">OCLCQ</subfield></datafield><datafield ind1=" " ind2=" " tag="012"><subfield code="j">0</subfield><subfield code="m">d</subfield></datafield><datafield ind1="1" ind2=" " tag="022"><subfield code="a">0746-0473</subfield><subfield code="l">0746-0473</subfield><subfield code="2">1</subfield></datafield><datafield ind1="1" ind2=" " tag="029"><subfield code="a">AU@</subfield><subfield code="b">000040635800</subfield></datafield><datafield ind1=" " ind2=" " tag="042"><subfield code="a">nsdp</subfield></datafield><datafield ind1=" " ind2="0" tag="222"><subfield code="a">Pickens County herald and west Alabamian</subfield></datafield><datafield ind1="0" ind2="0" tag="245"><subfield code="a">Pickens County herald and west Alabamian.</subfield></datafield><datafield ind1="1" ind2="7" tag="246"><subfield code="a">Pickens county herald</subfield></datafield><datafield ind1=" " ind2=" " tag="260"><subfield code="a">Carrollton, Ala. :</subfield><subfield code="b">Pickens County Herald Pub. Co.,</subfield><subfield code="c">1918-1986.</subfield></datafield><datafield ind1=" " ind2=" " tag="310"><subfield code="a">Weekly</subfield></datafield><datafield ind1="0" ind2=" " tag="362"><subfield code="a">Vol. 69, no. 10 (Mar. 7, 1918)-v. 138, no. 39 (Sept. 25, 1986).</subfield></datafield><datafield ind1=" " ind2=" " tag="752"><subfield code="a">United States</subfield><subfield code="b">Alabama</subfield><subfield code="c">Pickens</subfield><subfield code="d">Aliceville.</subfield></datafield><datafield ind1=" " ind2=" " tag="752"><subfield code="a">United States</subfield><subfield code="b">Alabama</subfield><subfield code="c">Pickens</subfield><subfield code="d">Carrollton.</subfield></datafield><datafield ind1="0" ind2="4" tag="780"><subfield code="t">Pickens County herald (Reform, Ala.)</subfield><subfield code="w">(DLC)sn 87050379</subfield></datafield><datafield ind1="0" ind2="4" tag="780"><subfield code="t">West Alabamian (Carrollton, Ala.)</subfield><subfield code="w">(DLC)sn 87050378</subfield></datafield><datafield ind1="0" ind2="5" tag="780"><subfield code="t">Pickens progressive age</subfield><subfield code="w">(DLC)sn 87050381</subfield></datafield><datafield ind1="0" ind2="5" tag="780"><subfield code="t">Aliceville informer</subfield><subfield code="w">(DLC)sn 85044827</subfield></datafield><datafield ind1="0" ind2="0" tag="785"><subfield code="t">Pickens county herald</subfield><subfield code="x">0893-0767</subfield><subfield code="w">(DLC)sn 87000284</subfield></datafield></record>